@book{RedesNeuraisIvanNunes,
	Author = {Ivan Nunes da Silva},
	Title = {Redes Neurais Artificiais Para Engenharia e Ciencias Aplicadas: Fundamentos Teoricos e Aspectos Praticos},
	Publisher = {ARTLIBER},
	Year = {2016},
	ISBN = {8588098873},
	URL = {https://www.amazon.com/Neurais-Artificiais-Engenharia-Ciencias-Aplicadas/dp/8588098873?SubscriptionId=0JYN1NVW651KCA56C102&tag=techkie-20&linkCode=xm2&camp=2025&creative=165953&creativeASIN=8588098873}
}
@book{RedesNeuraisSimonHaykin,
	Author = {Simon Haykin},
	Title = {Redes Neurais: Princípios e Prática},
	Publisher = {Bookman},
	Year = {2017},
	ISBN = {},
	URL = {https://www.amazon.com/Redes-Neurais-Princ%C3%ADpios-Pr%C3%A1tica-Portuguese-ebook/dp/B073QSG69Y?SubscriptionId=0JYN1NVW651KCA56C102&tag=techkie-20&linkCode=xm2&camp=2025&creative=165953&creativeASIN=B073QSG69Y}
}
@book{IAStuartRussell,
	Author = {Stuart Russell},
	Title = {Inteligência Artificial},
	Publisher = {Elsevier},
	Year = {2004},
	ISBN = {8535211772},
	URL = {https://www.amazon.com/Intelig%C3%AAncia-Artificial-Em-Portuguese-Brasil/dp/8535211772?SubscriptionId=0JYN1NVW651KCA56C102&tag=techkie-20&linkCode=xm2&camp=2025&creative=165953&creativeASIN=8535211772}
}
@misc{PsicoConexAntonio,
	author = {Antônio Roque},
	title = {Psicologia Conexionista},
	date = {2012},
	year = {2012}
}
@article{RedeNeuralComJava,
author = {José R. Campos},
title = {Implementação de redes neurais artificiais utilizando a linguagem de programação java },
date = {07/11/2010}.
year = {2010}
}
@inbook{Capitulo3Perceptron,
	author = {Fernando César C. de Castro e Maria Cristina F. de Castro},
	title = {O Perceptron},
	booktitle = {Redes Neurais Artificiais}
}
